@article{selccuk2013adaptive,
  title =        {Adaptive lead time quotation in a pull production system with lead time responsive
                  demand},
  author =       {Sel{\c{c}}uk, Bar{\i}{\c{s}}},
  journal =      {Journal of Manufacturing Systems},
  volume =       32,
  number =       1,
  pages =        {138--146},
  year =         2013,
  publisher =    {Elsevier}
}
